<?xml version="1.0" encoding="UTF-8"?><record xmlns="http://www.loc.gov/MARC21/slim" xmlns:cinclude="http://apache.org/cocoon/include/1.0" xmlns:zs="http://www.loc.gov/zing/srw/">
  <leader>00531cz  a2200133n  4500</leader>
  <controlfield tag="001">n  93090640 </controlfield>
  <controlfield tag="003">DLC</controlfield>
  <controlfield tag="005">20090324075030.0</controlfield>
  <controlfield tag="008">930916n| acannaabn          |n ana      </controlfield>
  <datafield tag="010" ind1=" " ind2=" ">
    <subfield code="a">n  93090640 </subfield>
  </datafield>
  <datafield tag="035" ind1=" " ind2=" ">
    <subfield code="a">(OCoLC)oca03455242</subfield>
  </datafield>
  <datafield tag="040" ind1=" " ind2=" ">
    <subfield code="a">DLC</subfield>
    <subfield code="b">eng</subfield>
    <subfield code="c">DLC</subfield>
    <subfield code="d">OCoLC</subfield>
  </datafield>
  <datafield tag="110" ind1="1" ind2=" ">
    <subfield code="a">Tennessee.</subfield>
    <subfield code="b">General Assembly.</subfield>
    <subfield code="b">Special Joint Committee on Health Care Costs</subfield>
  </datafield>
  <datafield tag="670" ind1=" " ind2=" ">
    <subfield code="a">Report of Special Joint Committee  to study rising health care costs, 1993 :</subfield>
    <subfield code="b">text (Special Joint Committee on Health Care Costs created by 96th Tenn. Gen. Assembly (1991?)</subfield>
  </datafield>
</record>